<?xml version="1.0" encoding="UTF-8"?><collection xmlns="http://www.loc.gov/MARC21/slim"><record><leader>00535nam--2200181-u-4500</leader><controlfield tag="001">000051551</controlfield><controlfield tag="002">20161230</controlfield><controlfield tag="005">20170107005724</controlfield><controlfield tag="008">080805s1000------------r-----000-0-eng-d</controlfield><datafield ind1=" " ind2=" " tag="040"><subfield code="a">IFIN-HH</subfield></datafield><datafield ind1=" " ind2=" " tag="080"><subfield code="a">517.5</subfield></datafield><datafield ind1="1" ind2=" " tag="100"><subfield code="a">Alexits, G</subfield><subfield code="e">red</subfield></datafield><datafield ind1="1" ind2="0" tag="245"><subfield code="a">Proceedings of the Conference on Constructive Theory of Functions. Approximation Theory. August 24-September 3, 1999</subfield></datafield><datafield ind1=" " ind2=" " tag="260"><subfield code="a">Budapest</subfield><subfield code="b">Akad©♭miai Kiad©đ</subfield><subfield code="c">1972</subfield></datafield><datafield ind1=" " ind2=" " tag="300"><subfield code="a">538 p</subfield></datafield><datafield ind1=" " ind2=" " tag="700"><subfield code="a">Stechkin, S. B</subfield><subfield code="e">red</subfield></datafield><datafield ind1=" " ind2=" " tag="852"><subfield code="a">36312</subfield><subfield code="c">517.5</subfield></datafield><datafield ind1=" " ind2=" " tag="CAT"><subfield code="a">SYS</subfield><subfield code="c">20170107</subfield><subfield code="h">005724</subfield></datafield></record></collection>